@Article{Blackwell02,
  author = 	 {T.H. Blackwell and J.S. Kaufman},
  title = 	 {Response Time Effectiveness: Comparison of Response Time and Survival in Urban Emergency Medical Services System},
  journal =	 {Academic Emergency Medicine},
  year =	 {2002},
  volume =	 {9},
  number =	 {4},
  pages =	 {288-295}
}

@Article{Zhan98,
  author = 	 {F.B. Zhan and C.E. Noon},
  journal =	 {Transportation Science},
  title = 	 {Shortest Path Algorithms: An Evaluation Using Real Road Networks},
  year =	 {1998},
  volume =	 {32},
  number =	 {1},
  pages =	 {65-73}
}

@Article{Himsolt,
  author = 	 {M. Himsolt},
  journal =	 {},
  title = 	 {GML: A portable Graph File Format},
  year =	 {},
  volume =	 {},
  number =	 {},
  pages =	 {1-8}
}

@Book{Flach12,
  author =       {P. Flach},
  title =        {Machine Learning: The Art and Science of Algorithms that Make Sense of Data},
  publisher =    {Cambridge University Press},
  edition =      {1st},
  year =         {2012}
}

@TechReport{Newman13,
  author = 	 {M. Newman},
  title = 	 {Network Data},
  institution =  {Computer Science Department, University of Michigan},
  year = 	 {2013},
  address =	 {Ann Arbor, MI},
}